@article{Costa-Herdeiro,
  title = {Gravitoelectromagnetic analogy based on tidal tensors},
  author = {Costa, L. Filipe O. and Herdeiro, Carlos A. R.},
  journal = {Phys. Rev. D},
  volume = {78},
  issue = {2},
  pages = {024021},
  numpages = {8},
  year = {2008},
  month = {Jul},
  publisher = {American Physical Society},
  doi = {10.1103/PhysRevD.78.024021},
  url = {https://link.aps.org/doi/10.1103/PhysRevD.78.024021}
}


@article{Costa-Natario-Zilhao,
  title = {Spacetime dynamics of spinning particles: Exact electromagnetic analogies},
  author = {Costa, L. Filipe O. and Nat\'ario, Jos\'e and Zilh\~ao, Miguel},
  journal = {Phys. Rev. D},
  volume = {93},
  issue = {10},
  pages = {104006},
  numpages = {44},
  year = {2016},
  month = {May},
  publisher = {American Physical Society},
  doi = {10.1103/PhysRevD.93.104006},
  url = {https://link.aps.org/doi/10.1103/PhysRevD.93.104006}
}

@article{Dixon1,
  title = {Dynamics of extended bodies in general relativity. I. Momentum and angular momentum},
  author = {W. G. Dixon, Hermann Bondi},
  journal = {Proceedings of the Royal Society of London A.},
  volume = {314},
  year = {1970},
  publisher = {Royal Society},
  doi = {https://doi.org/10.1098/rspa.1970.0020}
}

@article{Dixon2,
  title = {Dynamics of extended bodies in general relativity. II. Moments of the charge-current vector},
  author = {W. G. Dixon, Hermann Bondi},
  journal = {Proceedings of the Royal Society of London A.},
  volume = {319},
  year = {1970},
  publisher = {Royal Society},
  doi = {https://doi.org/10.1098/rspa.1970.0191}
}

@article{Dixon3,
  title = {Dynamics of extended bodies in general relativity. III. Equation of motion},
  author = {W. G. Dixon, Hermann Bondi},
  journal = {Philosophical transactions of the Royal Society of London. Series A},
  volume = {277},
  year = {1974},
  publisher = {Royal Society},
  doi = {https://doi.org/10.1098/rsta.1974.0046}
}

@article{Costa-Rita-Cardoso,
  title = {Gravitational Magnus effect},
  author = {Costa, L. Filipe O. and Franco, Rita and Cardoso, Vitor},
  journal = {Phys. Rev. D},
  volume = {98},
  issue = {2},
  pages = {024026},
  numpages = {30},
  year = {2018},
  month = {Jul},
  publisher = {American Physical Society},
  doi = {10.1103/PhysRevD.98.024026},
  url = {https://link.aps.org/doi/10.1103/PhysRevD.98.024026}
}

@article{Steinhoff-Puetzfeld,
  title = {Multipolar equations of motion for extended test bodies in general relativity},
  author = {Steinhoff, Jan and Puetzfeld, Dirk},
  journal = {Phys. Rev. D},
  volume = {81},
  issue = {4},
  pages = {044019},
  numpages = {17},
  year = {2010},
  month = {Feb},
  publisher = {American Physical Society},
  doi = {10.1103/PhysRevD.81.044019},
  url = {https://link.aps.org/doi/10.1103/PhysRevD.81.044019}
}

@article{Costa-Herdeiro-conference,
	doi = {10.1088/1742-6596/229/1/012031},
	url = {https://doi.org/10.1088%2F1742-6596%2F229%2F1%2F012031},
	year = {2010},
	month = {may},
	publisher = {IOP Publishing},
	volume = {229},
	pages = {012031},
	author = {Costa, L. Filipe O. and Herdeiro, Carlos A. R.},
	title = {The gravitational force on a gyroscope and the electromagnetic force on a magnetic dipole as analogous tidal effects},
	journal = {Journal of Physics: Conference Series},
}

@article{Karpov,
author = {B. Karpov, O},
year = {2004},
month = {07},
pages = {},
title = {The Papapetrou equations and supplementary conditions}
}

@article{Costa-Herdeiro-Natario-Zilhao,
author = {Costa, L and Herdeiro, Carlos and Natario, Jose and Zilhão, Miguel},
year = {2012},
month = {01},
pages = {024001},
title = {Mathisson’s helical motions for a spinning particle: Are they unphysical?},
volume = {85},
journal = {Physical Review D},
doi = {10.1103/PhysRevD.85.024001}
}

@article{Papapetrou1,
author = {A. Papapetrou  and Rudolf Ernst Peierls },
title = {Spinning test-particles in general relativity. I},
journal = {Proceedings of the Royal Society of London. Series A. Mathematical and Physical Sciences},
volume = {209},
number = {1097},
pages = {248-258},
year = {1951},
doi = {10.1098/rspa.1951.0200},
URL = {https://royalsocietypublishing.org/doi/abs/10.1098/rspa.1951.0200},
eprint = {https://royalsocietypublishing.org/doi/pdf/10.1098/rspa.1951.0200}
}

@article{Papapetrou2,
author = {E. Corinaldesi  and A. Papapetrou  and Rudolf Ernst Peierls },
title = {Spinning test-particles in general relativity. II},
journal = {Proceedings of the Royal Society of London. Series A. Mathematical and Physical Sciences},
volume = {209},
number = {1097},
pages = {259-268},
year = {1951},
doi = {10.1098/rspa.1951.0201},
URL = {https://royalsocietypublishing.org/doi/abs/10.1098/rspa.1951.0201},
eprint = {https://royalsocietypublishing.org/doi/pdf/10.1098/rspa.1951.0201}
}

@article{Tulczyjew,
author = {W. Tulczyjew},
title = {Motion of multipole particles in General Relativity Theory},
journal = {Acta Physica Polonica},
volume = {XVIII},
year = {1959}
}

@article{Nataly,
author = {Nataly Ibarra},
title = {Implementación numérica de  dinámica postnewtoniana y emisión de ondas gravitacionales},
journal = {Universidad de Concepción},
year = {2016}
}

@article{Steinhoff-Puetzfeld-2,
title = {Influence of internal structure on the motion of test bodies in extreme mass ratio situations},
author = {Steinhoff, Jan and Puetzfeld, Dirk},
journal = {Phys. Rev. D},
volume = {86},
issue = {4},
pages = {044033},
numpages = {20},
year = {2012},
month = {Aug},
publisher = {American Physical Society},
doi = {10.1103/PhysRevD.86.044033},
url = {https://link.aps.org/doi/10.1103/PhysRevD.86.044033}
}

@article{Maxwell,
title = {A Dynamical Theory of the Electromagnetic Field},
author = {James Maxwell},
journal = {Phil. Trans. R. Soc. Lond.},
year = {1865},
volume = {155}
}

@article{Einstein,
author = {Einstein, A.},
title = {Zur Elektrodynamik bewegter Körper},
journal = {Annalen der Physik},
volume = {322},
number = {10},
pages = {891-921},
doi = {10.1002/andp.19053221004},
url = {https://onlinelibrary.wiley.com/doi/abs/10.1002/andp.19053221004},
eprint = {https://onlinelibrary.wiley.com/doi/pdf/10.1002/andp.19053221004},
year = {1905}
}

@article{Einstein-2,
author = {Einstein, Albert},
year = {2015},
month = {01},
pages = {},
title = {Grundgedanken der allgemeinen Relativitätstheorie und Anwendung dieser Theorie in der Astronomie},
volume = {20},
journal = {Reussische Akademie der Wissenschaften, Sitzungsberichte}
}

@article{Coles,
author         = "Coles, Peter",
title          = "{Einstein, eddington and the 1919 eclipse}",
journal        = "ASP Conf. Ser.",
volume         = "252",
year           = "2001",
pages          = "21",
eprint         = "astro-ph/0102462",
archivePrefix  = "arXiv",
primaryClass   = "astro-ph"
}

@article{Heinicke,
author         = "Heinicke, Christian and Hehl, Friedrich W.",
title          = "{Schwarzschild and Kerr Solutions of Einstein's Field Equation -- an introduction}",
journal        = "Int. J. Mod. Phys.",
volume         = "D24",
year           = "2014",
number         = "02",
pages          = "1530006",
doi            = "10.1142/S0218271815300062",
eprint         = "1503.02172",
archivePrefix  = "arXiv",
primaryClass   = "gr-qc",
SLACcitation   = "%%CITATION = ARXIV:1503.02172;%%"
}

@book{Hans,
author= "Hans Stephani",
title= "Relativity: An Introduction to Special and General Relativity",
publisher="Cambridge",
year="2004",
edition="Third edition"
}

@book{Steven,
author= "Steven Weinberg",
title= "Gravitation and Cosmology: Principles and Applications of the General Theory of Relativity",
publisher="Massachusetts Institute of Technology",
year="1972"
}

@book{Poisson,
author= "Eric Poisson and Clifford M. Will",
title= "Gravity: Newtonian, Post-Newtonian, Relativistic",
publisher="Cambridge",
year="2014"
}

@book{inverno,
	author="Ray D'Inverno",
	title="Introducing Einstein's Relativity",
	year="1992",
	publisher="Oxford"
}

@booklet{gr1,
	author="Guillermo Rubilar",
	title="\textit{T\'opicos en relatividad general}",
	howpublished="Online",
	address="\url{https://github.com/gfrubi/RG}",
	year="2016",
	month="April"
}

@booklet{gr2,
	author="Guillermo Rubilar",
	title="\textit{Electrodin\'amica}",
	howpublished="Online",
	address="\url{https://github.com/gfrubi/electrodinamica}",
	year="2017",
	month="October"
}

@article{Matolcsi,
author="Matolcsi, Tam{\'a}s and Matolcsi, M{\'a}t{\'e} and Tasn{\'a}di, Tam{\'a}s",
title="On the relation of Thomas rotation and angular velocity of reference frames",
journal="General Relativity and Gravitation",
year="2007",
month="Apr",
day="01",
volume="39",
number="4",
pages="413--426",
abstract="In the extensive literature dealing with the relativistic phenomenon of Thomas rotation several methods have been developed for calculating the Thomas rotation angle of a gyroscope along a circular world line. One of the most appealing concepts, introduced in Rindler and Perlick (Gen Rel Grav 22:1067, 1990), is to consider a rotating reference frame co-moving with the gyroscope, and relate the precession of the gyroscope to the angular velocity of the reference frame. A recent paper (Herrera and di Prisco in Found Phys Lett 15:373, 2002), however, applies this principle to three different co-moving rotating reference frames and arrives at three different Thomas rotation angles. The reason for this apparent paradox is that the principle of Rindler and Perlick (Gen Rel Grav 22:1067, 1990) is used for a situation to which it does not apply. In this paper we rigorously examine the theoretical background and limitations of applicability of the principle of Rindler and Perlick (Gen Rel Grav 22:1067, 1990). Along the way we also establish some general properties of rotating reference frames, which may be of independent interest.",
issn="1572-9532",
doi="10.1007/s10714-007-0399-1",
url="https://doi.org/10.1007/s10714-007-0399-1"
}

@article{Ciufolini,
author="Ignazio Ciufolini",
title="Generalized geodesic deviation equation",
journal="Physical Review D",
year="1986",
volume="34"
}